<?xml version="1.0" encoding="UTF-8"?><record xmlns="http://www.loc.gov/MARC21/slim" xmlns:cinclude="http://apache.org/cocoon/include/1.0" xmlns:zs="http://www.loc.gov/zing/srw/">
  <leader>01626cz  a2200253n  4500</leader>
  <controlfield tag="001">n  97031623 </controlfield>
  <controlfield tag="003">DLC</controlfield>
  <controlfield tag="005">20151104073819.0</controlfield>
  <controlfield tag="008">970325n| azannaabn          |a ana      </controlfield>
  <datafield tag="010" ind1=" " ind2=" ">
    <subfield code="a">n  97031623 </subfield>
    <subfield code="z">n 2002095988</subfield>
  </datafield>
  <datafield tag="035" ind1=" " ind2=" ">
    <subfield code="a">(OCoLC)oca04303391</subfield>
  </datafield>
  <datafield tag="040" ind1=" " ind2=" ">
    <subfield code="a">DLC</subfield>
    <subfield code="b">eng</subfield>
    <subfield code="e">rda</subfield>
    <subfield code="c">DLC</subfield>
    <subfield code="d">InU</subfield>
    <subfield code="d">NcD</subfield>
    <subfield code="d">DLC</subfield>
    <subfield code="d">ICU</subfield>
  </datafield>
  <datafield tag="111" ind1="2" ind2=" ">
    <subfield code="a">Mezhdunarodnye Rozhdestvenskie obrazovatelʹnye chtenii︠a︡</subfield>
  </datafield>
  <datafield tag="411" ind1="2" ind2=" ">
    <subfield code="a">Международные Рождественские образовательные чтения</subfield>
  </datafield>
  <datafield tag="411" ind1="2" ind2=" ">
    <subfield code="a">Mezhdunarodnye Rozhdestvenskie chtenii︠a︡</subfield>
  </datafield>
  <datafield tag="411" ind1="2" ind2=" ">
    <subfield code="a">Rozhdestvenskie obrazovatelʹnye chtenii︠a︡</subfield>
  </datafield>
  <datafield tag="511" ind1="2" ind2=" ">
    <subfield code="w">a</subfield>
    <subfield code="a">Rozhdestvenskie chtenii︠a︡</subfield>
  </datafield>
  <datafield tag="667" ind1=" " ind2=" ">
    <subfield code="a">See also related access points for individual instances of this conference which include specific information about the number, date, or place of the individual conference.</subfield>
  </datafield>
  <datafield tag="667" ind1=" " ind2=" ">
    <subfield code="a">Non-Latin script reference not evaluated.</subfield>
  </datafield>
  <datafield tag="670" ind1=" " ind2=" ">
    <subfield code="a">Its (4th : 1996 : Moscow, Russia). Sbornik dokladov IV Mezhdunarodnykh Rozhdestvenskikh obrazovatelʹnykh chteniĭ, 1996.</subfield>
  </datafield>
  <datafield tag="670" ind1=" " ind2=" ">
    <subfield code="a">T︠S︡erkovʹ i narodnoe tvorchestvo ..., 2004:</subfield>
    <subfield code="b">at head of title (Odinnadt︠s︡atye Mezhdunarodnye Rozhdestvenskie chtenii︠a︡)</subfield>
  </datafield>
  <datafield tag="670" ind1=" " ind2=" ">
    <subfield code="a">RAPS protiv Rossii, 1999:</subfield>
    <subfield code="b">t.p. (..VII Рождественских образовательных чтений = VII Rozhdestvenskikh obrazovatelʹnykh chteniĭ)</subfield>
  </datafield>
  <datafield tag="670" ind1=" " ind2=" ">
    <subfield code="a">T︠S︡erkovnye drevnosti, 2001:</subfield>
    <subfield code="b">at head of title (VIII Rozhdestvenskie obrazovatelʹnye chtenii︠a︡)</subfield>
  </datafield>
  <datafield tag="675" ind1=" " ind2=" ">
    <subfield code="a">Rozhdestvenskie chtenii︠a︡, 1994- : v. 1, pref. (1st Rozhdestvenskie chtenii︠a︡ held Jan 5, 1994 in Kovrov)</subfield>
  </datafield>
</record>